% Bib file 


% % %

% Journal papers


@Article{Rabiner89,
  author =       {Lawrence R. Rabiner},
  title =        {A Tutorial on Hidden Markov Models and Selected Applications in Speech Recognition},
  journal =      {Proceedings of the IEEE},
  year =          1989,
  volume =        77,
  number =        2,
  pages =         {257--286}
}

